<record><leader>00000cas a22000007a 4500</leader><controlfield tag="001">41927486</controlfield><controlfield tag="008">990720d18791uuuvtuwr ne      0    0eng c</controlfield><datafield ind1=" " ind2=" " tag="010"><subfield code="a">sn 99067899 </subfield></datafield><datafield ind1=" " ind2=" " tag="040"><subfield code="a">NVN</subfield><subfield code="b">eng</subfield><subfield code="c">NVN</subfield><subfield code="d">OCLCQ</subfield><subfield code="d">OCLCF</subfield><subfield code="d">OCLCO</subfield></datafield><datafield ind1=" " ind2=" " tag="042"><subfield code="a">pcc</subfield></datafield><datafield ind1=" " ind2=" " tag="043"><subfield code="a">n-us-vt</subfield></datafield><datafield ind1="0" ind2=" " tag="130"><subfield code="a">Riverside (Wells River, Vt.)</subfield></datafield><datafield ind1="1" ind2="4" tag="245"><subfield code="a">The riverside.</subfield></datafield><datafield ind1=" " ind2=" " tag="260"><subfield code="a">Wells River, Vt. :</subfield><subfield code="b">W.S.S. Buck</subfield></datafield><datafield ind1=" " ind2=" " tag="300"><subfield code="a">v.</subfield></datafield><datafield ind1=" " ind2=" " tag="310"><subfield code="a">Weekly</subfield></datafield><datafield ind1="1" ind2=" " tag="362"><subfield code="a">Began in Jan. 1879?</subfield></datafield><datafield ind1=" " ind2=" " tag="588"><subfield code="a">Description based on: Vol. 1, no. 22 (May 31, 1879).</subfield></datafield><datafield ind1=" " ind2="0" tag="651"><subfield code="a">Orange County (Vt.)</subfield><subfield code="v">Newspapers.</subfield></datafield><datafield ind1=" " ind2="0" tag="651"><subfield code="a">Vermont</subfield><subfield code="v">Newspapers.</subfield></datafield><datafield ind1=" " ind2="4" tag="651"><subfield code="a">Wells River (Vt.)</subfield><subfield code="v">Newspapers.</subfield></datafield><datafield ind1=" " ind2="7" tag="655"><subfield code="a">Newspapers.</subfield><subfield code="2">fast</subfield><subfield code="0">(OCoLC)fst01423814</subfield></datafield><datafield ind1=" " ind2="7" tag="651"><subfield code="a">Vermont.</subfield><subfield code="2">fast</subfield><subfield code="0">(OCoLC)fst01204305</subfield></datafield><datafield ind1=" " ind2="7" tag="651"><subfield code="a">Vermont</subfield><subfield code="z">Orange County.</subfield><subfield code="2">fast</subfield><subfield code="0">(OCoLC)fst01211985</subfield></datafield><datafield ind1=" " ind2=" " tag="752"><subfield code="a">United States</subfield><subfield code="b">Vermont</subfield><subfield code="c">Orange</subfield><subfield code="d">Wells River.</subfield></datafield></record>